<?xml version="1.0" encoding="UTF-8"?><collection xmlns="http://www.loc.gov/MARC21/slim"><record><leader>00466nam--2200133-i-4500</leader><controlfield tag="001">000028614</controlfield><controlfield tag="002">20161230</controlfield><controlfield tag="005">20161230201037</controlfield><controlfield tag="008">060222s1000------------r-----000-0-eng-d</controlfield><datafield ind1=" " ind2=" " tag="100"><subfield code="a">Abdel-fattah, Y.M</subfield></datafield><datafield ind1=" " ind2=" " tag="260"><subfield code="a">System Approach For Development. Third Ifac/Ifip/Ifors Conference Rabat Morocco, 24-27 November 1980</subfield></datafield><datafield ind1=" " ind2=" " tag="490"><subfield code="a">Oxford, International Federation Of Automatic Control By Pergamon Press, 1980. Lxxxv+592p</subfield></datafield><datafield ind1=" " ind2=" " tag="700"><subfield code="a">Najim, E</subfield></datafield><datafield ind1=" " ind2=" " tag="852"><subfield code="a">681.5:658.5(061.3)</subfield></datafield></record></collection>